% This file was created with JabRef 2.10b2.
% Encoding: Cp1252


@Conference{Alvarez2012,
  Title                    = {Determinaci\'on de tipolog\'ias de infecciones parasitarias intestinales, en escolares mediante, t\'ecnicas de clustering sobre datos binarios},
  Author                   = {\'{A}lvarez,Federico and Alvarez Vaz,Ram\'{o}n and Massa,Fernando},
  Booktitle                = {CLATSE 2012},
  Year                     = {2012},
  Month                    = {Octubre},
  Organization             = {Congreso Latinoamericano de Sociedades de Estad\'istica},

  Owner                    = {montxo},
  Timestamp                = {2014.10.16}
}

@Article{Cox2002,
  Title                    = {On some models for multivariate binary variables parallel in complexity with the multivariate Gaussian Distribution},
  Author                   = {D. R. Cox and Nanny Wermuth},
  Journal                  = {Biometrika},
  Year                     = {2002},
  Pages                    = {462-469},
  Volume                   = {89},

  Owner                    = {usuario},
  Timestamp                = {2014.04.22}
}

@TechReport{Dai2012,
  Title                    = {Multivariate {B}ernoulli {D}istribution {M}odels},
  Author                   = {Bin Dai},
  Institution              = {Department of Statistics, University of Wisconsin, Madison WI},
  Year                     = {2012},

  Address                  = {1300 University Ave.},
  Month                    = {July},
  Number                   = {1171},

  Owner                    = {usuario},
  Timestamp                = {2014.03.06}
}

@Article{Dempster1977,
  Title                    = {Maximum likelihood from incomplete data via the EM algorithm},
  Author                   = {A. P. Dempster and N. M.Laird and D. N.Rubin},
  Journal                  = {Journal of the Royal Statistical Society, Series B},
  Year                     = {1977},
  Number                   = {1},
  Pages                    = {1-38},
  Volume                   = {39},

  Owner                    = {usuario},
  Timestamp                = {2014.05.21}
}

@Manual{Johnson2014,
  Title                    = {The NLopt nonlinear-optimization package},
  Author                   = {Steven G. Johnson},
  Note                     = {Rpackage version 1.0.4},
  Year                     = {2014},

  Journal                  = {?},
  Number                   = {?},
  Owner                    = {montxo},
  Pages                    = {?},
  Timestamp                = {2014.12.10},
  Volume                   = {?}
}

@Manual{Jurasinski2012,
  Title                    = {simba: A Collection of functions for similarity analysis of vegetation data},
  Author                   = {Gerald Jurasinski and Vroni Retzer},
  Note                     = {R package version 0.3-4},
  Year                     = {2012},

  Owner                    = {montxo},
  Timestamp                = {2012.08.06},
  Url                      = {http://CRAN.R-project.org/package=simba}
}

@Article{LORENZO2013a,
  Title                    = {{Primer Relevamiento Nacional de Salud Bucal en poblaci\'on joven y adulta uruguaya: Aspectos metodol\'ogicos}},
  Author                   = {Lorenzo, Susana AND Alvarez Vaz, Ram\'on AND Blanco, Silvana AND Peres, Marco},
  Journal                  = {{Odontoestomatolog\'ia}},
  Year                     = {2013},

  Month                    = {06},
  Pages                    = {8 - 25},
  Volume                   = {15},

  ISSN                     = {1688-9339},
  Language                 = {es},
  Owner                    = {montxo},
  Publisher                = {scielouy},
  Timestamp                = {2014.12.08},
  Url                      = {http://www.scielo.edu.uy/scielo.php?script=sci_arttext&pid=S1688-93392013000200003&nrm=iso}
}

@Article{LORENZO2013b,
  Title                    = {{Enfermedad Periodontal en la poblaci\'on joven y adulta uruguaya del Interior del pais: Relevamiento Nacional 2010-2011}},
  Author                   = {Lorenzo, Susana AND Piccardo, Virginia AND Alvarez, Fernanda AND Massa, Fernando AND Alvarez Vaz, Ram\'on},
  Journal                  = {{Odontoestomatolog\'ia}},
  Year                     = {2013},

  Month                    = {06},
  Pages                    = {35 - 46},
  Volume                   = {15},

  ISSN                     = {1688-9339},
  Language                 = {es},
  Owner                    = {montxo},
  Publisher                = {scielouy},
  Timestamp                = {2014.12.08},
  Url                      = {http://www.scielo.edu.uy/scielo.php?script=sci_arttext&pid=S1688-93392013000200005&nrm=iso}
}

@Article{Marshall1985,
  Title                    = {A family of Bivariate Distribution generated by the bivariate Bernoulli distribution},
  Author                   = {A. Marshall and I. Olkin},
  Journal                  = {Journal of the American Statistical Association},
  Year                     = {1985},
  Pages                    = {332-338},
  Volume                   = {80},

  Owner                    = {usuario},
  Timestamp                = {2014.04.22}
}

@Article{Moustaki2004,
  Title                    = {Latent class models for mixed variables with applications in Archaeometry},
  Author                   = {Moustaki, I. and Papageorgiou, I.},
  Journal                  = {Elsevier Computational Statistics \& Data Analysis},
  Year                     = {2004},

  Month                    = {Febrero},
  Pages                    = {17},

  Owner                    = {usuario},
  Timestamp                = {2011.08.31}
}

@Manual{Rcoreteam2014,
  Title                    = {R: A Language and Environment for Statistical Computing},

  Address                  = {Vienna, Austria},
  Author                   = {{R Core Team}},
  Organization             = {R Foundation for Statistical Computing},
  Year                     = {2014},

  Owner                    = {montxo},
  Timestamp                = {2014.12.10},
  Url                      = {http://www.R-project.org/}
}

@Article{Tamhane2009,
  Title                    = {A Parametric Mixture Model for Clustering Multivariate Binary Data},
  Author                   = {Ajit C. Tamhane and Dingxi Qiu and Bruce E Ankenman},
  Journal                  = {Wiley InterScience},
  Year                     = {2009},
  Pages                    = {3-19},

  Owner                    = {usuario},
  Timestamp                = {2014.04.22}
}

@Article{Tsekouras2005,
  Title                    = {Fuzzy Clustering of Categorical Attributes and its Use in Analyzing Cultural Data},
  Author                   = {Tsekouras, G and Papageorgiou, D. and Kotsiantis, S. and Kalloniatis, C. and Pintelas, P.},
  Journal                  = {World Academy of Science, Engineering and Technology},
  Year                     = {2005},
  Pages                    = {87-91},
  Volume                   = {1},

  Owner                    = {usuario},
  Timestamp                = {2012.06.07}
}

@TechReport{Ypma2014,
  Title                    = {Introduction to nloptr: an R interface to NLopt},
  Author                   = {Ypma, Jelmer},
  Year                     = {2014},
  Month                    = {August 2},

  Owner                    = {montxo},
  Timestamp                = {2014.12.10}
}

